@article{Maillart_2011,
  doi = {10.1103/physreve.83.056101},
  url = {http://dx.doi.org/10.1103/physreve.83.056101},
  year = {2011},
  month = {may},
  publisher = {American Physical Society ({APS})},
  volume = {83},
  number = {5},
  author = {T. Maillart and D. Sornette and S. Frei and T. Duebendorfer and A. Saichev},
  title = {{Quantification of deviations from rationality with heavy tails in human dynamics}},
  journal = {Physical Review E},
}


@article{Crane_2008,
  doi = {10.1073/pnas.0803685105},
  url = {http://dx.doi.org/10.1073/pnas.0803685105},
  year = {2008},
  month = {sep},
  publisher = {Proceedings of the National Academy of Sciences},
  volume = {105},
  number = {41},
  pages = {15649--15653},
  author = {R. Crane and D. Sornette},
  title = {{Robust dynamic classes revealed by measuring the response function of a social system}},
  journal = {Proceedings of the National Academy of Sciences},
}


@article{Hawkes_1974,
  doi = {10.2307/3212693},
  url = {http://dx.doi.org/10.2307/3212693},
  year = {1974},
  month = {sep},
  publisher = {{JSTOR}},
  volume = {11},
  number = {3},
  pages = {493},
  author = {Alan G. Hawkes and David Oakes},
  title = {{A Cluster Process Representation of a Self-Exciting Process}},
  journal = {Journal of Applied Probability},
}


@article{March_1991,
  doi = {10.1287/orsc.2.1.71},
  url = {http://dx.doi.org/10.1287/orsc.2.1.71},
  year = {1991},
  month = {feb},
  publisher = {Institute for Operations Research and the Management Sciences ({INFORMS})},
  volume = {2},
  number = {1},
  pages = {71--87},
  author = {James G. March},
  title = {{Exploration and Exploitation in Organizational Learning}},
  journal = {Organization Science},
}
