% Encoding: UTF-8

@book{anderson1990cognitive,
  title={Cognitive psychology and its implications .},
  author={Anderson, John R},
  year={1990},
  publisher={WH Freeman/Times Books/Henry Holt \& Co}
}


@InBook{Griffiths2008,
  chapter =   {Bayesian models of cognition},
  title =     {The Cambridge handbook of computational cognitive modeling.},
  publisher = {Cambridge University Press.},
  year =      {2008},
  author={Griffiths, Thomas L and Kemp, Charles and Tenenbaum, Joshua B},
  editor =    {Ron Sun}
}

@article{lombrozo2006structure,
  title={The structure and function of explanations},
  author={Lombrozo, Tania},
  journal={Trends in cognitive sciences},
  volume={10},
  number={10},
  pages={464--470},
  year={2006},
  publisher={Elsevier}
}

@article{griffin1992weighing,
  title={The weighing of evidence and the determinants of confidence},
  author={Griffin, Dale and Tversky, Amos},
  journal={Cognitive psychology},
  volume={24},
  number={3},
  pages={411--435},
  year={1992},
  publisher={Elsevier}
}


@article{holt2009update,
  title={An update on Bayesian updating},
  author={Holt, Charles A and Smith, Angela M},
  journal={Journal of Economic Behavior \& Organization},
  volume={69},
  number={2},
  pages={125--134},
  year={2009},
  publisher={Elsevier}
}

@article{grether1992testing,
  title={Testing Bayes rule and the representativeness heuristic: Some experimental evidence},
  author={Grether, David M},
  journal={Journal of Economic Behavior \& Organization},
  volume={17},
  number={1},
  pages={31--57},
  year={1992},
  publisher={Elsevier}
}

@article{rabin2002perspective,
  title={A perspective on psychology and economics},
  author={Rabin, Matthew},
  journal={European economic review},
  volume={46},
  number={4},
  pages={657--685},
  year={2002},
  publisher={Elsevier}
}

@article{charness2009origin,
  title={The origin of the winner's curse: a laboratory study},
  author={Charness, Gary and Levin, Dan},
  journal={American Economic Journal: Microeconomics},
  pages={207--236},
  year={2009},
  publisher={JSTOR}
}

@article{ortoleva2012modeling,
  title={Modeling the change of paradigm: Non-Bayesian reactions to unexpected news},
  author={Ortoleva, Pietro},
  journal={The American Economic Review},
  volume={102},
  number={6},
  pages={2410--2436},
  year={2012},
  publisher={American Economic Association}
}


